@misc{IPdifferences,
  title = {{Difference between Floating IP and private IP}},
  howpublished = {\url{https://www.rdoproject.org/networking/difference-between-floating-ip-and-private-ip/}}
}


@misc{imagesnapshot,
  title = {{Amazon EC2 terminology - AMI vs. EBS vs. Snapshot vs. Volume}},
  howpublished = {\url{https://serverfault.com/questions/268719/amazon-ec2-terminology-ami-vs-ebs-vs-snapshot-vs-volume/268727#268727}}
}

@misc{lvm,
  title = {{LVM}},
  howpublished = {\url{https://docs.openstack.org/mitaka/config-reference/block-storage/drivers/lvm-volume-driver.html}}
}

@misc{wiki:lvm,
    author = "{Wikipedia contributors}",
    title = "Logical Volume Manager (Linux) --- {Wikipedia}{,} The Free Encyclopedia",
    year = "2020",
    howpublished = "\url{https://en.wikipedia.org/w/index.php?title=Logical_Volume_Manager_(Linux)&oldid=974204748}",
    note = "[Online; accessed 5-September-2020]"
}
  
@misc{multiattach,
  title = {{Volume multi-attach: Enable attaching a volume to multiple servers}},
  howpublished = {\url{https://docs.openstack.org/cinder/latest/admin/blockstorage-volume-multiattach.html#how-to-create-a-multiattach-volume}}
}

  
@misc{storage,
  title = {{Storage Concept}},
  howpublished = {\url{https://docs.openstack.org/arch-design/design-storage/design-storage-concepts.html}}
}