@misc{OpenStackcommunication,
  title = {{Introduction to the OpenStack API}},
  author = "{Jeff Cogswell}",
  year = "2015",
  howpublished = {\url{https://www.linux.com/training-tutorials/introduction-openstack-api/}}
}

@article{zhang2013survey,
  title={A survey on cloud interoperability: taxonomies, standards, and practice},
  author={Zhang, Zhizhong and Wu, Chuan and Cheung, David WL},
  journal={ACM SIGMETRICS Performance Evaluation Review},
  volume={40},
  number={4},
  pages={13--22},
  year={2013},
  publisher={ACM New York, NY, USA}
}

@inproceedings{dillon2010cloud,
  title={Cloud computing: issues and challenges},
  author={Dillon, Tharam and Wu, Chen and Chang, Elizabeth},
  booktitle={2010 24th IEEE international conference on advanced information networking and applications},
  pages={27--33},
  year={2010},
  organization={Ieee}
}

@article{parameswaran2009cloud,
  title={Cloud interoperability and standardization},
  author={Parameswaran, AV and Chaddha, Asheesh},
  journal={SETlabs briefings},
  volume={7},
  number={7},
  pages={19--26},
  year={2009}
}

  @misc{ wiki:OVF,
    author = "{Wikipedia contributors}",
    title = "Open Virtualization Format --- {Wikipedia}{,} The Free Encyclopedia",
    year = "2020",
    url = "https://en.wikipedia.org/w/index.php?title=Open_Virtualization_Format&oldid=972748703",
    note = "[Online; accessed 24-September-2020]"
  }
  
    @misc{ wiki:CDMI,
    author = "{Wikipedia contributors}",
    title = "Cloud Data Management Interface --- {Wikipedia}{,} The Free Encyclopedia",
    year = "2020",
    url = "https://en.wikipedia.org/w/index.php?title=Cloud_Data_Management_Interface&oldid=969285405",
    note = "[Online; accessed 24-September-2020]"
  }
  
    @misc{ wiki:OCCI,
    author = "{Wikipedia contributors}",
    title = "Open Cloud Computing Interface --- {Wikipedia}{,} The Free Encyclopedia",
    year = "2020",
    url = "https://en.wikipedia.org/w/index.php?title=Open_Cloud_Computing_Interface&oldid=953010446",
    note = "[Online; accessed 24-September-2020]"
  }
  
      @misc{ libcloud,
    title = "libcloud",
    url = "http://libcloud.apache.org/"
  }
  
        @misc{ deltacloud,
    title = "Deltacloud",
    url = "http://deltacloud.apache.org/"
  }
  
          @misc{ breakthrough,
    title = "Breaking through cloud addiction",
    url = "http://techcrunch.com/2012/12/01/netflixs-amazoncloud-addiction/"
  }